%% This BibTeX bibliography file was created using BibDesk.
%% http://bibdesk.sourceforge.net/

@book{joyce:ulysses,
  title={Ulysses},
  author={Joyce, J. and Johnson, J.},
  isbn={9780199535675},
  lccn={93013561},
  series={Oxford World's Classics},
  url={https://books.google.de/books?id=4jWS7bMZ1XMC},
  year={2008},
  publisher={OUP Oxford}
}

